<record><leader>00000cas a22000007a 4500</leader><controlfield tag="001">19027068</controlfield><controlfield tag="008">890117d1973uuuumduwr ne      0    0eng d</controlfield><datafield ind1=" " ind2=" " tag="010"><subfield code="a">sn 89060016 </subfield></datafield><datafield ind1=" " ind2=" " tag="040"><subfield code="a">MFN</subfield><subfield code="b">eng</subfield><subfield code="c">MFN</subfield><subfield code="d">OCL</subfield><subfield code="d">MFN</subfield><subfield code="d">OCLCQ</subfield><subfield code="d">DLC</subfield></datafield><datafield ind1=" " ind2=" " tag="012"><subfield code="b">3</subfield></datafield><datafield ind1=" " ind2=" " tag="019"><subfield code="a">19027128</subfield></datafield><datafield ind1=" " ind2=" " tag="042"><subfield code="a">msc</subfield></datafield><datafield ind1=" " ind2="4" tag="050"><subfield code="a">AN41.961.P6</subfield><subfield code="b">W6</subfield></datafield><datafield ind1="0" ind2="0" tag="245"><subfield code="a">Worcester County messenger.</subfield></datafield><datafield ind1=" " ind2=" " tag="260"><subfield code="a">Pocomoke City, Md. :</subfield><subfield code="b">Atlantic Pub.</subfield></datafield><datafield ind1=" " ind2=" " tag="300"><subfield code="a">v.</subfield></datafield><datafield ind1=" " ind2=" " tag="310"><subfield code="a">Weekly</subfield></datafield><datafield ind1="0" ind2=" " tag="362"><subfield code="a">Vol. 105, no. 3 (Mar. 1, 1973)-v. 111, no. 52 (Apr. 24, 1980) ; vol. 4, no. 1 (May 1, 1980)-</subfield></datafield><datafield ind1=" " ind2=" " tag="515"><subfield code="a">Numbering is irregular.</subfield></datafield><datafield ind1=" " ind2=" " tag="752"><subfield code="a">United States</subfield><subfield code="b">Maryland</subfield><subfield code="c">Worcester</subfield><subfield code="d">Pocomoke City.</subfield></datafield><datafield ind1=" " ind2=" " tag="752"><subfield code="a">United States</subfield><subfield code="b">Maryland</subfield><subfield code="c">Worcester</subfield><subfield code="d">Snow Hill.</subfield></datafield><datafield ind1="0" ind2="4" tag="780"><subfield code="t">Worcester Democrat (Pocomoke City, Md. : 1953)</subfield><subfield code="w">(DLC)sn 89060128</subfield></datafield><datafield ind1="0" ind2="4" tag="780"><subfield code="t">Democratic messenger (Snow Hill, Md.)</subfield><subfield code="w">(DLC)sn 84026758</subfield></datafield></record>